<?xml version="1.0" encoding="UTF-8"?><collection xmlns="http://www.loc.gov/MARC21/slim"><record><leader>00415nam--2200133-i-4500</leader><controlfield tag="001">000022875</controlfield><controlfield tag="002">20161230</controlfield><controlfield tag="005">20161230201034</controlfield><controlfield tag="008">060222s1000------------r-----000-0-eng-d</controlfield><datafield ind1=" " ind2=" " tag="080"><subfield code="a">546.27</subfield></datafield><datafield ind1=" " ind2=" " tag="100"><subfield code="a">Hughes, Roland L., Smith, Ivan And Lawless, Edward W</subfield></datafield><datafield ind1=" " ind2=" " tag="245"><subfield code="a">Production of the boranes and related research. edited by ricihard t.holzmann</subfield></datafield><datafield ind1=" " ind2=" " tag="260"><subfield code="a">New York, Academic Press, 1967, X + 533 P</subfield></datafield><datafield ind1=" " ind2=" " tag="852"><subfield code="a">30528</subfield></datafield></record></collection>